@article{lucas1998,
  title={On the mechanics of economic development},
  author={Lucas, Robert E},
  journal={Econometric Society Monographs},
  volume={29},
  pages={61--70},
  year={1998},
  publisher={Cambridge University Press}
}

@article{stiglitz2000,
  title={Capital market liberalization, economic growth, and instability},
  author={Stiglitz, Joseph E},
  journal={World development},
  volume={28},
  number={6},
  pages={1075--1086},
  year={2000},
  publisher={Elsevier}
}

@book{smith1776,
  title={An Inquiry into the Nature and Causes of the Wealth of Nations},
  author={Smith, Adam},
  number={25202},
  year={1827},
  publisher={Printed at the University Press for T. Nelson and P. Brown}
}

@book{schumpeter1934,
  title={The theory of economic development: An inquiry into profits, capital, credit, interest, and the business cycle. Translated by Redvers Opie},
  author={Schumpeter, Joseph Alois},
  year={1961},
  publisher={Harvard University Press}
}


@article{boyd1986,
  title={Financial intermediary-coalitions},
  author={Boyd, John H and Prescott, Edward C},
  journal={Journal of Economic Theory},
  volume={38},
  number={2},
  pages={211--232},
  year={1986},
  publisher={Elsevier}
}

@article{diamond1983,
  title={Bank runs, deposit insurance, and liquidity},
  author={Diamond, Douglas W and Dybvig, Philip H},
  journal={Journal of political economy},
  volume={91},
  number={3},
  pages={401--419},
  year={1983},
  publisher={The University of Chicago Press}
}

@article{bencivenga1991,
  title={Financial intermediation and endogenous growth},
  author={Bencivenga, Valerie R and Smith, Bruce D},
  journal={The Review of Economic Studies},
  volume={58},
  number={2},
  pages={195--209},
  year={1991},
  publisher={Wiley-Blackwell}
}

@article{levine1991,
  title={Stock markets, growth, and tax policy},
  author={Levine, Ross},
  journal={The Journal of Finance},
  volume={46},
  number={4},
  pages={1445--1465},
  year={1991},
  publisher={Wiley Online Library}
}

@book{mckinnon1973,
  title={Money and capital in economic development},
  author={McKinnon, Ronald I},
  year={1973},
  publisher={Washington, DC: Brookings Institution Press}
}

@book{shaw1973,
  title={Financial deepening in economic development},
  author={Shaw, Edward Stone},
  year={1973},
  publisher={New York, NY (USA) Oxford Univ. Press}
}

@techreport{sviry2016,
  title={Introducing a new broad-based index of financial development},
  author={Svirydzenka, Katsiaryna},
  institution={IMF},
  year={2016}
}

@techreport{chen2015,
  title={Measuring the on-going changes in China's capital flow management},
  author={Chen, Jinzhao and Qian, Xingwang},
  institution={IMF},
  year={2015}
}

@article{chinn2008,
  title={A new measure of financial openness},
  author={Chinn, Menzie D and Ito, Hiro},
  journal={Journal of comparative policy analysis},
  volume={10},
  number={3},
  pages={309--322},
  year={2008},
  publisher={Taylor \& Francis}
}

@book{joint-report2016,
  title={Partnership for change: Australia-China joint economic report},
  author={EABER,CCIEE},
  year={2016},
  publisher={ANU press}
}

@techreport{deng2011,
  title={Monetary and fiscal stimuli, ownership structure, and China's housing market},
  author={Deng, Yongheng and Morck, Randall and Wu, Jing and Yeung, Bernard},
  year={2011},
  institution={National Bureau of Economic Research}
}

@article{huang2011,
  title={Does financial repression inhibit or facilitate economic growth? A case study of Chinese reform experience},
  author={Huang, Yiping and Wang, Xun},
  journal={Oxford Bulletin of Economics and Statistics},
  volume={73},
  number={6},
  pages={833--855},
  year={2011},
  publisher={Wiley Online Library}
}

@article{bekaert2001,
  title={Economic Growth and Financial Liberalization},
  author={Bekaert, Geert and Harvey, Campbell R},
  journal={NBER Reporter Online},
  number={Spring 2001},
  pages={8--11},
  year={2001},
  publisher={Cambridge, Mass.: NBER}
}

@techreport{gretton2015,
  title={Modelling the potential impacts of economic reform in a partnership between Australia and China},
  author={Gretton, Paul},
  year={2015},
  institution={East Asian Bureau of Economic Research}
}

@book{mckibbin1999,
  title={International Capital Flows, financial Reform and Consequences of Changing Risk Perception in APEC Economies},
  author={McKibbin, Warwick J},
  year={1999},
  publisher={Brookings Institution}
}

@article{jensen1976,
  title={Theory of the firm: Managerial behavior, agency costs and ownership structure},
  author={Jensen, Michael C and Meckling, William H},
  journal={Journal of financial economics},
  volume={3},
  number={4},
  pages={305--360},
  year={1976},
  publisher={Elsevier}
}

@article{levine1997,
  title={Financial development and economic growth: views and agenda},
  author={Levine, Ross},
  journal={Journal of economic literature},
  volume={35},
  number={2},
  pages={688--726},
  year={1997},
  publisher={JSTOR}
}

@article{henry2000,
  title={Stock market liberalization, economic reform, and emerging market equity prices},
  author={Henry, Peter Blair},
  journal={The Journal of Finance},
  volume={55},
  number={2},
  pages={529--564},
  year={2000},
  publisher={Wiley Online Library}
}


@article{love2003,
  title={Financial development and financing constraints: International evidence from the structural investment model},
  author={Love, Inessa},
  journal={The Review of Financial Studies},
  volume={16},
  number={3},
  pages={765--791},
  year={2003},
  publisher={Oxford University Press}
}

@article{zhou2012,
  title={Renminbi capital account convertibility: prospects and approach},
  author={Xiaochuan Zhou},
  journal={Journal of Financial Research (Chinese)},
  volume={1},
  pages={1--19},
  year={2012}
}

@online{gtap2016,
  author = {GTAP},
  title = {{GTAP} Models: Current {GTAP} Model},
  year = 2016,
  url = {https://www.gtap.agecon.purdue.edu/models/current.asp}
}

